%YAML 1.1
%TAG !u! tag:unity3d.com,2011:
--- !u!1 &131306
GameObject:
  m_ObjectHideFlags: 0
  m_PrefabParentObject: {fileID: 0}
  m_PrefabInternal: {fileID: 100100000}
  serializedVersion: 4
  m_Component:
  - 4: {fileID: 431306}
  - 33: {fileID: 3331308}
  - 23: {fileID: 2331308}
  - 95: {fileID: 9531308}
  - 64: {fileID: 6402992}
  m_Layer: 0
  m_Name: rocher
  m_TagString: Untagged
  m_Icon: {fileID: 0}
  m_NavMeshLayer: 0
  m_StaticEditorFlags: 0
  m_IsActive: 1
--- !u!1 &131308
GameObject:
  m_ObjectHideFlags: 0
  m_PrefabParentObject: {fileID: 0}
  m_PrefabInternal: {fileID: 100100000}
  serializedVersion: 4
  m_Component:
  - 4: {fileID: 431308}
  - 33: {fileID: 3331310}
  - 23: {fileID: 2331310}
  - 95: {fileID: 9531310}
  - 64: {fileID: 6460410}
  m_Layer: 0
  m_Name: rocher-plat
  m_TagString: Untagged
  m_Icon: {fileID: 0}
  m_NavMeshLayer: 0
  m_StaticEditorFlags: 0
  m_IsActive: 1
--- !u!1 &131310
GameObject:
  m_ObjectHideFlags: 0
  m_PrefabParentObject: {fileID: 0}
  m_PrefabInternal: {fileID: 100100000}
  serializedVersion: 4
  m_Component:
  - 4: {fileID: 431310}
  - 33: {fileID: 3331312}
  - 23: {fileID: 2331312}
  - 95: {fileID: 9531312}
  - 64: {fileID: 6498512}
  m_Layer: 0
  m_Name: Rocher_Geo
  m_TagString: Untagged
  m_Icon: {fileID: 0}
  m_NavMeshLayer: 0
  m_StaticEditorFlags: 0
  m_IsActive: 1
--- !u!1 &131312
GameObject:
  m_ObjectHideFlags: 0
  m_PrefabParentObject: {fileID: 0}
  m_PrefabInternal: {fileID: 100100000}
  serializedVersion: 4
  m_Component:
  - 4: {fileID: 431312}
  - 33: {fileID: 3331314}
  - 23: {fileID: 2331314}
  - 95: {fileID: 9531314}
  - 64: {fileID: 6439624}
  m_Layer: 0
  m_Name: rocher
  m_TagString: Untagged
  m_Icon: {fileID: 0}
  m_NavMeshLayer: 0
  m_StaticEditorFlags: 0
  m_IsActive: 1
--- !u!1 &131314
GameObject:
  m_ObjectHideFlags: 0
  m_PrefabParentObject: {fileID: 0}
  m_PrefabInternal: {fileID: 100100000}
  serializedVersion: 4
  m_Component:
  - 4: {fileID: 431314}
  - 33: {fileID: 3331316}
  - 23: {fileID: 2331316}
  - 95: {fileID: 9531316}
  - 64: {fileID: 6446800}
  m_Layer: 0
  m_Name: rocher-plat
  m_TagString: Untagged
  m_Icon: {fileID: 0}
  m_NavMeshLayer: 0
  m_StaticEditorFlags: 0
  m_IsActive: 1
--- !u!1 &131322
GameObject:
  m_ObjectHideFlags: 0
  m_PrefabParentObject: {fileID: 0}
  m_PrefabInternal: {fileID: 100100000}
  serializedVersion: 4
  m_Component:
  - 4: {fileID: 431322}
  m_Layer: 0
  m_Name: Rochers
  m_TagString: Untagged
  m_Icon: {fileID: 0}
  m_NavMeshLayer: 0
  m_StaticEditorFlags: 0
  m_IsActive: 1
--- !u!4 &431306
Transform:
  m_ObjectHideFlags: 1
  m_PrefabParentObject: {fileID: 0}
  m_PrefabInternal: {fileID: 100100000}
  m_GameObject: {fileID: 131306}
  m_LocalRotation: {x: 0, y: .174160913, z: 0, w: .98471725}
  m_LocalPosition: {x: 94.4161072, y: 5.65505028, z: -88.8569641}
  m_LocalScale: {x: .0542551354, y: .054255113, z: .054255113}
  m_Children: []
  m_Father: {fileID: 431322}
  m_RootOrder: 4
--- !u!4 &431308
Transform:
  m_ObjectHideFlags: 1
  m_PrefabParentObject: {fileID: 0}
  m_PrefabInternal: {fileID: 100100000}
  m_GameObject: {fileID: 131308}
  m_LocalRotation: {x: .116497777, y: -.933337688, z: -.078407906, w: -.330395699}
  m_LocalPosition: {x: 66.3161011, y: -10.0449495, z: -82.4569702}
  m_LocalScale: {x: .0529868416, y: .0529868565, z: .0529868565}
  m_Children: []
  m_Father: {fileID: 431322}
  m_RootOrder: 2
--- !u!4 &431310
Transform:
  m_ObjectHideFlags: 1
  m_PrefabParentObject: {fileID: 0}
  m_PrefabInternal: {fileID: 100100000}
  m_GameObject: {fileID: 131310}
  m_LocalRotation: {x: .113060489, y: -.0507984422, z: .0942247882, w: .987804949}
  m_LocalPosition: {x: -44.8410759, y: -57.2173233, z: 40.5790176}
  m_LocalScale: {x: .0233805403, y: .0233805217, z: .0233805217}
  m_Children: []
  m_Father: {fileID: 431322}
  m_RootOrder: 3
--- !u!4 &431312
Transform:
  m_ObjectHideFlags: 1
  m_PrefabParentObject: {fileID: 0}
  m_PrefabInternal: {fileID: 100100000}
  m_GameObject: {fileID: 131312}
  m_LocalRotation: {x: -.0380849801, y: .701719165, z: .0947189555, w: .70510149}
  m_LocalPosition: {x: 40.2999992, y: 18.7000008, z: -141.300003}
  m_LocalScale: {x: .0964685678, y: .0964685529, z: .0964685529}
  m_Children: []
  m_Father: {fileID: 431322}
  m_RootOrder: 0
--- !u!4 &431314
Transform:
  m_ObjectHideFlags: 1
  m_PrefabParentObject: {fileID: 0}
  m_PrefabInternal: {fileID: 100100000}
  m_GameObject: {fileID: 131314}
  m_LocalRotation: {x: .214253366, y: -.920836389, z: -.181895256, w: .270314813}
  m_LocalPosition: {x: 57.2999992, y: 8.5, z: -40.5999985}
  m_LocalScale: {x: .0442797579, y: .0442797653, z: .0442797653}
  m_Children: []
  m_Father: {fileID: 431322}
  m_RootOrder: 1
--- !u!4 &431322
Transform:
  m_ObjectHideFlags: 1
  m_PrefabParentObject: {fileID: 0}
  m_PrefabInternal: {fileID: 100100000}
  m_GameObject: {fileID: 131322}
  m_LocalRotation: {x: 0, y: 0, z: 0, w: 1}
  m_LocalPosition: {x: -166.353943, y: 39.0242653, z: -5.4933424}
  m_LocalScale: {x: .532649636, y: .532649636, z: .532649636}
  m_Children:
  - {fileID: 431312}
  - {fileID: 431314}
  - {fileID: 431308}
  - {fileID: 431310}
  - {fileID: 431306}
  m_Father: {fileID: 0}
  m_RootOrder: 0
--- !u!23 &2331308
Renderer:
  m_ObjectHideFlags: 1
  m_PrefabParentObject: {fileID: 0}
  m_PrefabInternal: {fileID: 100100000}
  m_GameObject: {fileID: 131306}
  m_Enabled: 1
  m_CastShadows: 1
  m_ReceiveShadows: 1
  m_LightmapIndex: 255
  m_LightmapTilingOffset: {x: 1, y: 1, z: 0, w: 0}
  m_Materials:
  - {fileID: 2100000, guid: e7c97156073de3e4fbd43c0aecb7d068, type: 2}
  m_SubsetIndices: 
  m_StaticBatchRoot: {fileID: 0}
  m_UseLightProbes: 0
  m_LightProbeAnchor: {fileID: 0}
  m_ScaleInLightmap: 1
  m_SortingLayerID: 0
  m_SortingOrder: 0
--- !u!23 &2331310
Renderer:
  m_ObjectHideFlags: 1
  m_PrefabParentObject: {fileID: 0}
  m_PrefabInternal: {fileID: 100100000}
  m_GameObject: {fileID: 131308}
  m_Enabled: 1
  m_CastShadows: 1
  m_ReceiveShadows: 1
  m_LightmapIndex: 255
  m_LightmapTilingOffset: {x: 1, y: 1, z: 0, w: 0}
  m_Materials:
  - {fileID: 2100000, guid: 5cdfbce3adebc7d40b19e20696b83067, type: 2}
  m_SubsetIndices: 
  m_StaticBatchRoot: {fileID: 0}
  m_UseLightProbes: 0
  m_LightProbeAnchor: {fileID: 0}
  m_ScaleInLightmap: 1
  m_SortingLayerID: 0
  m_SortingOrder: 0
--- !u!23 &2331312
Renderer:
  m_ObjectHideFlags: 1
  m_PrefabParentObject: {fileID: 0}
  m_PrefabInternal: {fileID: 100100000}
  m_GameObject: {fileID: 131310}
  m_Enabled: 1
  m_CastShadows: 1
  m_ReceiveShadows: 1
  m_LightmapIndex: 255
  m_LightmapTilingOffset: {x: 1, y: 1, z: 0, w: 0}
  m_Materials:
  - {fileID: 2100000, guid: e7c97156073de3e4fbd43c0aecb7d068, type: 2}
  m_SubsetIndices: 
  m_StaticBatchRoot: {fileID: 0}
  m_UseLightProbes: 0
  m_LightProbeAnchor: {fileID: 0}
  m_ScaleInLightmap: 1
  m_SortingLayerID: 0
  m_SortingOrder: 0
--- !u!23 &2331314
Renderer:
  m_ObjectHideFlags: 1
  m_PrefabParentObject: {fileID: 0}
  m_PrefabInternal: {fileID: 100100000}
  m_GameObject: {fileID: 131312}
  m_Enabled: 1
  m_CastShadows: 1
  m_ReceiveShadows: 1
  m_LightmapIndex: 255
  m_LightmapTilingOffset: {x: 1, y: 1, z: 0, w: 0}
  m_Materials:
  - {fileID: 2100000, guid: e7c97156073de3e4fbd43c0aecb7d068, type: 2}
  m_SubsetIndices: 
  m_StaticBatchRoot: {fileID: 0}
  m_UseLightProbes: 0
  m_LightProbeAnchor: {fileID: 0}
  m_ScaleInLightmap: 1
  m_SortingLayerID: 0
  m_SortingOrder: 0
--- !u!23 &2331316
Renderer:
  m_ObjectHideFlags: 1
  m_PrefabParentObject: {fileID: 0}
  m_PrefabInternal: {fileID: 100100000}
  m_GameObject: {fileID: 131314}
  m_Enabled: 1
  m_CastShadows: 1
  m_ReceiveShadows: 1
  m_LightmapIndex: 255
  m_LightmapTilingOffset: {x: 1, y: 1, z: 0, w: 0}
  m_Materials:
  - {fileID: 2100000, guid: 5cdfbce3adebc7d40b19e20696b83067, type: 2}
  m_SubsetIndices: 
  m_StaticBatchRoot: {fileID: 0}
  m_UseLightProbes: 0
  m_LightProbeAnchor: {fileID: 0}
  m_ScaleInLightmap: 1
  m_SortingLayerID: 0
  m_SortingOrder: 0
--- !u!33 &3331308
MeshFilter:
  m_ObjectHideFlags: 1
  m_PrefabParentObject: {fileID: 0}
  m_PrefabInternal: {fileID: 100100000}
  m_GameObject: {fileID: 131306}
  m_Mesh: {fileID: 4300000, guid: a6074133646ab75488148115f4e6fd9e, type: 3}
--- !u!33 &3331310
MeshFilter:
  m_ObjectHideFlags: 1
  m_PrefabParentObject: {fileID: 0}
  m_PrefabInternal: {fileID: 100100000}
  m_GameObject: {fileID: 131308}
  m_Mesh: {fileID: 4300000, guid: e0b49d60fea90c5408037da52d6c6fcd, type: 3}
--- !u!33 &3331312
MeshFilter:
  m_ObjectHideFlags: 1
  m_PrefabParentObject: {fileID: 0}
  m_PrefabInternal: {fileID: 100100000}
  m_GameObject: {fileID: 131310}
  m_Mesh: {fileID: 4300000, guid: 9b249ec1e134b6841a431b7429e89459, type: 3}
--- !u!33 &3331314
MeshFilter:
  m_ObjectHideFlags: 1
  m_PrefabParentObject: {fileID: 0}
  m_PrefabInternal: {fileID: 100100000}
  m_GameObject: {fileID: 131312}
  m_Mesh: {fileID: 4300000, guid: a6074133646ab75488148115f4e6fd9e, type: 3}
--- !u!33 &3331316
MeshFilter:
  m_ObjectHideFlags: 1
  m_PrefabParentObject: {fileID: 0}
  m_PrefabInternal: {fileID: 100100000}
  m_GameObject: {fileID: 131314}
  m_Mesh: {fileID: 4300000, guid: e0b49d60fea90c5408037da52d6c6fcd, type: 3}
--- !u!64 &6402992
MeshCollider:
  m_ObjectHideFlags: 1
  m_PrefabParentObject: {fileID: 0}
  m_PrefabInternal: {fileID: 100100000}
  m_GameObject: {fileID: 131306}
  m_Material: {fileID: 0}
  m_IsTrigger: 0
  m_Enabled: 1
  serializedVersion: 2
  m_SmoothSphereCollisions: 0
  m_Convex: 1
  m_Mesh: {fileID: 4300000, guid: a6074133646ab75488148115f4e6fd9e, type: 3}
--- !u!64 &6439624
MeshCollider:
  m_ObjectHideFlags: 1
  m_PrefabParentObject: {fileID: 0}
  m_PrefabInternal: {fileID: 100100000}
  m_GameObject: {fileID: 131312}
  m_Material: {fileID: 0}
  m_IsTrigger: 0
  m_Enabled: 1
  serializedVersion: 2
  m_SmoothSphereCollisions: 0
  m_Convex: 1
  m_Mesh: {fileID: 4300000, guid: a6074133646ab75488148115f4e6fd9e, type: 3}
--- !u!64 &6446800
MeshCollider:
  m_ObjectHideFlags: 1
  m_PrefabParentObject: {fileID: 0}
  m_PrefabInternal: {fileID: 100100000}
  m_GameObject: {fileID: 131314}
  m_Material: {fileID: 0}
  m_IsTrigger: 0
  m_Enabled: 1
  serializedVersion: 2
  m_SmoothSphereCollisions: 0
  m_Convex: 1
  m_Mesh: {fileID: 4300000, guid: e0b49d60fea90c5408037da52d6c6fcd, type: 3}
--- !u!64 &6460410
MeshCollider:
  m_ObjectHideFlags: 1
  m_PrefabParentObject: {fileID: 0}
  m_PrefabInternal: {fileID: 100100000}
  m_GameObject: {fileID: 131308}
  m_Material: {fileID: 0}
  m_IsTrigger: 0
  m_Enabled: 1
  serializedVersion: 2
  m_SmoothSphereCollisions: 0
  m_Convex: 1
  m_Mesh: {fileID: 4300000, guid: e0b49d60fea90c5408037da52d6c6fcd, type: 3}
--- !u!64 &6498512
MeshCollider:
  m_ObjectHideFlags: 1
  m_PrefabParentObject: {fileID: 0}
  m_PrefabInternal: {fileID: 100100000}
  m_GameObject: {fileID: 131310}
  m_Material: {fileID: 0}
  m_IsTrigger: 0
  m_Enabled: 1
  serializedVersion: 2
  m_SmoothSphereCollisions: 0
  m_Convex: 0
  m_Mesh: {fileID: 4300000, guid: 9b249ec1e134b6841a431b7429e89459, type: 3}
--- !u!95 &9531308
Animator:
  serializedVersion: 3
  m_ObjectHideFlags: 1
  m_PrefabParentObject: {fileID: 0}
  m_PrefabInternal: {fileID: 100100000}
  m_GameObject: {fileID: 131306}
  m_Enabled: 1
  m_Avatar: {fileID: 9000000, guid: a6074133646ab75488148115f4e6fd9e, type: 3}
  m_Controller: {fileID: 0}
  m_CullingMode: 0
  m_UpdateMode: 0
  m_ApplyRootMotion: 1
  m_HasTransformHierarchy: 1
  m_AllowConstantClipSamplingOptimization: 1
--- !u!95 &9531310
Animator:
  serializedVersion: 3
  m_ObjectHideFlags: 1
  m_PrefabParentObject: {fileID: 0}
  m_PrefabInternal: {fileID: 100100000}
  m_GameObject: {fileID: 131308}
  m_Enabled: 1
  m_Avatar: {fileID: 9000000, guid: e0b49d60fea90c5408037da52d6c6fcd, type: 3}
  m_Controller: {fileID: 0}
  m_CullingMode: 0
  m_UpdateMode: 0
  m_ApplyRootMotion: 1
  m_HasTransformHierarchy: 1
  m_AllowConstantClipSamplingOptimization: 1
--- !u!95 &9531312
Animator:
  serializedVersion: 3
  m_ObjectHideFlags: 1
  m_PrefabParentObject: {fileID: 0}
  m_PrefabInternal: {fileID: 100100000}
  m_GameObject: {fileID: 131310}
  m_Enabled: 1
  m_Avatar: {fileID: 9000000, guid: 9b249ec1e134b6841a431b7429e89459, type: 3}
  m_Controller: {fileID: 0}
  m_CullingMode: 0
  m_UpdateMode: 0
  m_ApplyRootMotion: 1
  m_HasTransformHierarchy: 1
  m_AllowConstantClipSamplingOptimization: 1
--- !u!95 &9531314
Animator:
  serializedVersion: 3
  m_ObjectHideFlags: 1
  m_PrefabParentObject: {fileID: 0}
  m_PrefabInternal: {fileID: 100100000}
  m_GameObject: {fileID: 131312}
  m_Enabled: 1
  m_Avatar: {fileID: 9000000, guid: a6074133646ab75488148115f4e6fd9e, type: 3}
  m_Controller: {fileID: 0}
  m_CullingMode: 0
  m_UpdateMode: 0
  m_ApplyRootMotion: 1
  m_HasTransformHierarchy: 1
  m_AllowConstantClipSamplingOptimization: 1
--- !u!95 &9531316
Animator:
  serializedVersion: 3
  m_ObjectHideFlags: 1
  m_PrefabParentObject: {fileID: 0}
  m_PrefabInternal: {fileID: 100100000}
  m_GameObject: {fileID: 131314}
  m_Enabled: 1
  m_Avatar: {fileID: 9000000, guid: e0b49d60fea90c5408037da52d6c6fcd, type: 3}
  m_Controller: {fileID: 0}
  m_CullingMode: 0
  m_UpdateMode: 0
  m_ApplyRootMotion: 1
  m_HasTransformHierarchy: 1
  m_AllowConstantClipSamplingOptimization: 1
--- !u!1001 &100100000
Prefab:
  m_ObjectHideFlags: 1
  serializedVersion: 2
  m_Modification:
    m_TransformParent: {fileID: 0}
    m_Modifications: []
    m_RemovedComponents: []
  m_ParentPrefab: {fileID: 0}
  m_RootGameObject: {fileID: 131322}
  m_IsPrefabParent: 1
  m_IsExploded: 1
